<?xml version="1.0" encoding="UTF-8"?><collection xmlns="http://www.loc.gov/MARC21/slim"><record><leader>00342nam--2200121-i-4500</leader><controlfield tag="001">000021473</controlfield><controlfield tag="002">20161230</controlfield><controlfield tag="005">20161230201034</controlfield><controlfield tag="008">060222s1000------------r-----000-0-eng-d</controlfield><datafield ind1=" " ind2=" " tag="080"><subfield code="a">338.061</subfield></datafield><datafield ind1=" " ind2=" " tag="245"><subfield code="a">Experienta noastra in activitatea organizatiilor de masa in productie.trad.din l.rusa</subfield></datafield><datafield ind1=" " ind2=" " tag="260"><subfield code="a">Bucuresti, I.D.T., 1952. 128p</subfield></datafield><datafield ind1=" " ind2=" " tag="852"><subfield code="a">1335</subfield></datafield></record></collection>